<?xml version="1.0" encoding="UTF-8"?><collection xmlns="http://www.loc.gov/MARC21/slim"><record><leader>00418nam--2200121-i-4500</leader><controlfield tag="001">000025572</controlfield><controlfield tag="002">20161230</controlfield><controlfield tag="005">20161230201036</controlfield><controlfield tag="008">060222s1000------------r-----000-0-eng-d</controlfield><datafield ind1=" " ind2=" " tag="080"><subfield code="a">621.039.002.71(061.3):621.039.008(061.3):621.039.7(061.3)</subfield></datafield><datafield ind1=" " ind2=" " tag="245"><subfield code="a">Institute of nuclear materials management. twilfth annual aeeting june 29-july 1/1971</subfield></datafield><datafield ind1=" " ind2=" " tag="260"><subfield code="a">Ohio, Inst.Of Nuclear Materials Management, 1971. 401p</subfield></datafield><datafield ind1=" " ind2=" " tag="852"><subfield code="a">39824</subfield></datafield></record></collection>